

@Article{Aalders2006,
  author        = {Aalders, IH and Aitkenhead, Matt J},
  title         = {Agricultural census data and land use modelling},
  journal       = {Computers, environment and urban systems},
  year          = {2006},
  volume        = {30},
  number        = {6},
  pages         = {799--814},
  doi           = {10.1016/j.compenvurbsys.2005.06.003},
  url           = {https://www.sciencedirect.com/science/article/pii/S0198971505000529},
  __markedentry = {[SEhrmann:6]},
  file          = {:Aalders_Aitkenhead_2006_CompEnvirUrbSyst.pdf:PDF},
  publisher     = {Elsevier},
}

@Article{Koenig2019,
  author        = {K{\"o}nig, Christian and Weigelt, Patrick and Schrader, Julian and Taylor, Amanda and Kattge, Jens and Kreft, Holger},
  title         = {Biodiversity data integration--The significance of data resolution and domain},
  journal       = {PLoS biology},
  year          = {2019},
  volume        = {17},
  number        = {3},
  pages         = {e3000183},
  doi           = {10.1371/journal.pbio.3000183},
  url           = {https://journals.plos.org/plosbiology/article/file?id=10.1371/journal.pbio.3000183&type=printable},
  __markedentry = {[SEhrmann:6]},
  file          = {:journal.pbio.3000183.pdf:PDF},
  publisher     = {Public Library of Science},
}

@Article{Waha2016,
  author        = {Waha, Katharina and Zipf, Birgit and Kurukulasuriya, Pradeep and Hassan, Rashid M},
  title         = {An agricultural survey for more than 9,500 African households},
  journal       = {Scientific data},
  year          = {2016},
  volume        = {3},
  pages         = {160020},
  doi           = {10.1038/sdata.2016.20},
  url           = {https://www.nature.com/articles/sdata201620.pdf},
  __markedentry = {[SEhrmann:6]},
  file          = {:Waha_etal_2016_NatureScientificData.pdf:PDF},
  publisher     = {Nature Publishing Group},
}

@Article{Monfreda2008,
  author    = {Monfreda, Chad and Ramankutty, Navin and Foley, Jonathan A},
  title     = {Farming the planet: 2. Geographic distribution of crop areas, yields, physiological types, and net primary production in the year 2000},
  journal   = {Global biogeochemical cycles},
  year      = {2008},
  volume    = {22},
  number    = {1},
  doi       = {10.1029/2007gb002947},
  url       = {https://agupubs.onlinelibrary.wiley.com/doi/full/10.1029/2007GB002947},
  file      = {Monfreda2008.pdf:Monfreda2008 - Farming the planet_ 2. Geographic distribution of crop areas, yields, physiological types, and net primary production in the year 2000.pdf:PDF},
  publisher = {Wiley Online Library},
}

@Article{Forclaz2016,
  author  = {Amalia Ribi Forclaz},
  title   = {Agriculture, American expertise, and the quest for global data: Leon Estabrook and the First World Agricultural Census of 1930*},
  journal = {Journal of Global History},
  year    = {2016},
  date    = {2019-02-07},
  doi     = {10.1017/s1740022815000340},
  url     = {https://www.cambridge.org/core/journals/journal-of-global-history/article/agriculture-american-expertise-and-the-quest-for-global-data-leon-estabrook-and-the-first-world-agricultural-census-of-1930/DCA97BF97710F56564BD0AB8F14F4F6C},
  file    = {:Forclaz2016 - Agriculture, American expertise, and the quest for global data_ Leon Estabrook and the First World Agricultural Census of 1930_.pdf:PDF},
}

@Article{Imbach2015,
  author    = {Imbach, Pablo and Manrow, M and Barona, Elizabeth and Barretto, A and Hyman, Glenn and Ciais, P},
  title     = {Spatial and temporal contrasts in the distribution of crops and pastures across Amazonia: A new agricultural land use data set from census data since 1950},
  journal   = {Global biogeochemical cycles},
  year      = {2015},
  volume    = {29},
  number    = {6},
  pages     = {898--916},
  doi       = {10.1002/2014gb004999},
  url       = {https://agupubs.onlinelibrary.wiley.com/doi/full/10.1002/2014GB004999},
  file      = {:Imbach2015 - Spatial and temporal contrasts in the distribution of crops and pastures across Amazonia_ A new agricultural land use data set from census data since 1950.pdf:PDF},
  groups    = {modeled data products},
  publisher = {Wiley Online Library},
}

@Article{Ricciardi2018a,
  author    = {Ricciardi, Vincent and Ramankutty, Navin and Mehrabi, Zia and Jarvis, Larissa and Chookolingo, Brenton},
  title     = {An open-access dataset of crop production by farm size from agricultural censuses and surveys},
  journal   = {Data in brief},
  year      = {2018},
  volume    = {19},
  pages     = {1970--1988},
  doi       = {10.1016/j.dib.2018.06.057},
  url       = {https://www.sciencedirect.com/science/article/pii/S235234091830708X},
  file      = {Ricciardi2018.pdf:Ricciardi2018 - An open-access dataset of crop production by farm size from agricultural censuses and surveys.pdf:PDF},
  publisher = {Elsevier},
}

@Article{Ricciardi2018,
  author        = {Ricciardi, Vincent and Ramankutty, Navin and Mehrabi, Zia and Jarvis, Larissa and Chookolingo, Brenton},
  title         = {How much of the world's food do smallholders produce?},
  journal       = {Global food security},
  year          = {2018},
  volume        = {17},
  pages         = {64--72},
  doi           = {10.1016/j.gfs.2018.05.002},
  url           = {https://www.sciencedirect.com/science/article/pii/S2211912417301293/pdfft?md5=7089cdb4be52c83e03ef2659680da7d9&pid=1-s2.0-S2211912417301293-main.pdf},
  __markedentry = {[SEhrmann:6]},
  file          = {:1-s2.0-S2211912417301293-main.pdf:PDF},
  publisher     = {Elsevier},
}

@Article{Otto2015,
  author        = {Otto, Ilona M and Biewald, Anne and Coumou, Dim and Feulner, Georg and K{\"o}hler, Claudia and Nocke, Thomas and Blok, Anders and Gr{\"o}ber, Albert and Selchow, Sabine and Tyfield, David and others},
  title         = {Socio-economic data for global environmental change research},
  journal       = {Nature Climate Change},
  year          = {2015},
  volume        = {5},
  number        = {6},
  pages         = {503},
  doi           = {10.1038/nclimate2593},
  url           = {https://www.nature.com/articles/nclimate2593.pdf},
  __markedentry = {[SEhrmann:6]},
  file          = {:Otto_etal_2015_NatureClimChange.pdf:PDF},
  publisher     = {Nature Publishing Group},
}

# R-packages

@Manual{Wickham2019,
  title = {dplyr: A Grammar of Data Manipulation},
  author = {Hadley Wickham and Romain François and Lionel Henry and Kirill Müller},
  year = {2019},
  note = {R package version 0.8.0.1},
  url = {https://CRAN.R-project.org/package=dplyr},
}

@article{Lang2017,
  author = {Michel Lang},
  title = {{checkmate: Fast Argument Checks for Defensive R Programming}},
  year = {2017},
  journal = {{The R Journal}},
  doi = {10.32614/RJ-2017-028},
  url = {https://doi.org/10.32614/RJ-2017-028},
  pages = {437--445},
  volume = {9},
  number = {1}
}