@misc{ehrmann2019harmonise,
  title={Harmonise and integrate heterogeneous areal data with the R package arealDB},
  author={Steffen Ehrmann and Ralf Seppelt and Carsten Meyer},
  year={2019},
  eprint={1909.06610},
  archivePrefix={arXiv},
  primaryClass={cs.DB}
}
